@article{PLOS,
  title={Effects of music therapy on depression: A meta-analysis of randomized controlled trials},
  author={Tang, Qishou and Huang, Zhaohui and Zhou, Huang and Ye, Peijie},
  journal={PLOS},
  year={2020},
  number = {},
  volume={},
  pages={},
  publisher={National Library of Medicine},
  URL={https://www.ncbi.nlm.nih.gov/pmc/articles/PMC7673528/#sec021}
}


@article{Frontiers,
  title={How Do Music Activities Affect Health and Well-Being? A Scoping Review of Studies Examining Psychosocial Mechanisms},
  author={Dingle, Genevieve A. and Sharman, Leah S. and Bauer, Zoe and Beckman, Emma and Broughton, Mary and Bunzli, Emma and Davidson, Robert and Draper, Grace and Fairley, Sheranne and Farrell, Callyn and Flynn, Libby Maree and Gomersall, Sjaan and Hong, Mengxun and Larwood, Joel and Lee, Chiying and Lee, Jennifer and Nitschinsk, Lewis and Peluso, Natalie and Reedman, Sarah Elizabeth and Vidas, Dianna and Walter, Zoe C. and Wright, Olivia Renee Louise},
  journal={Frontiers in Psychology},
  year={2021},
  number = {},
  volume={},
  pages={},
  publisher={National Library of Medicine},
  URL={https://www.ncbi.nlm.nih.gov/pmc/articles/PMC8455907/}
}


@article{Cochrane,
  author = {Aalbers, Sonja and Fusar‐Poli, Laura and Freeman, Ruth E. and Spreen, Marinus and Ket, Johannes CF. and Vink, Annemiek C. and Maratos, Anna and Crawford, Mike and Chen, Xi-Jing and and Gold, Christian},
  title = {Music therapy for depression},
  journal = {Cochrane Database of Systematic Reviews},
  number = {11},
  year = {2017},
  volume = {},
  pages = {},
  publisher = {John Wiley & Sons, Ltd},
  ISSN = {1465-1858},
  DOI = {10.1002/14651858.CD004517.pub3},
  URL = {https://doi.org//10.1002/14651858.CD004517.pub3}
}


@article{British,
  author = {Erkkilä, Jaakko and Punkanen, Marko and Fachner, Jörg and Ala-Ruona, Esa and Pöntiö, Inga and Tervaniemi, Mari and Vanhala, Mauno and Gold, Christian},
  title = {Individual music therapy for depression: randomised controlled trial},
  journal = {British Journal of Psychiatry},
  number = {2},
  volume={199},
  year = {2011},
  publisher = {Cambridge University Press},
  DOI={10.1192/bjp.bp.110.085431},
  pages={132–139},
  URL = {https://www.cambridge.org/core/journals/the-british-journal-of-psychiatry/article/individual-music-therapy-for-depression-randomised-controlled-trial/A1CD72904929CECCB956F4F3B09605AF}
}
